<?xml version="1.0" encoding="utf-8"?>
<record xmlns="http://www.loc.gov/MARC21/slim" xmlns:xsi="http://www.w3.org/2001/XMLSchema-instance" xsi:schemaLocation="http://www.loc.gov/MARC21/slim http://www.loc.gov/standards/marcxml/schema/MARC21slim.xsd">
	<leader>     nam a22        4500</leader>
	<controlfield tag="001">b12778734</controlfield>
	<controlfield tag="003">LeBAU</controlfield>
	<controlfield tag="006">m        d        </controlfield>
	<controlfield tag="007">cr cn |||m|||a</controlfield>
	<controlfield tag="008">170120s1903    le      o     000 0 ara d</controlfield>
	<datafield ind1=" " ind2=" " tag="037">
		<subfield code="b">Helen Badaro</subfield>
		<subfield code="z">33742</subfield>
	</datafield>
	<datafield ind1=" " ind2=" " tag="040">
		<subfield code="a">NNU</subfield>
		<subfield code="b">ara</subfield>
		<subfield code="e">rda</subfield>
		<subfield code="c">NNU</subfield>
	</datafield>
	<datafield ind1=" " ind2="4" tag="050">
		<subfield code="a">PJ6111</subfield>
		<subfield code="b">.D75 1903</subfield>
	</datafield>
	<datafield ind1="0" ind2="4" tag="082">
		<subfield code="a">492.75</subfield>
		<subfield code="2">22</subfield>
	</datafield>
	<datafield ind1="1" ind2=" " tag="100">
		<subfield code="6">880-01</subfield>
		<subfield code="a">Ḍūmiṭ, Jabr,</subfield>
		<subfield code="e">author.</subfield>
	</datafield>
	<datafield ind1="1" ind2="3" tag="245">
		<subfield code="6">880-02</subfield>
		<subfield code="a">al-Khawāṭir al-‘irāb fī al-naḥw wa-al-i‘rāb /</subfield>
		<subfield code="c">ta’īf Jabr Ḍūmiṭ M. ‘A., ustādh al-lughah al-‘Arabīyah fī al-Madrasah al-Kullīyah al-Sūrīyah al-Injīlīyah fī Bayrūt.</subfield>
	</datafield>
	<datafield ind1=" " ind2="1" tag="264">
		<subfield code="6">880-03</subfield>
		<subfield code="a">Bayrūt :</subfield>
		<subfield code="b">al-Maṭba‘ah al-Adabīyah,</subfield>
		<subfield code="c">1903.</subfield>
	</datafield>
	<datafield ind1=" " ind2=" " tag="300">
		<subfield code="6">880-04</subfield>
		<subfield code="a">online resource (334 pages)</subfield>
	</datafield>
	<datafield ind1=" " ind2=" " tag="336">
		<subfield code="a">text</subfield>
		<subfield code="2">rdacontent</subfield>
	</datafield>
	<datafield ind1=" " ind2=" " tag="337">
		<subfield code="a">computer</subfield>
		<subfield code="2">rdamedia</subfield>
	</datafield>
	<datafield ind1=" " ind2=" " tag="338">
		<subfield code="a">online resource</subfield>
		<subfield code="2">rdacarrier</subfield>
	</datafield>
	<datafield ind1=" " ind2=" " tag="500">
		<subfield code="a">Part of the Arabic Collections Online (ACO) project, contributed by American University of Beirut's Jafet Memorial Library.</subfield>
	</datafield>
	<datafield ind1=" " ind2=" " tag="533">
		<subfield code="a">Electronic reproduction.</subfield>
		<subfield code="b">New York, N.Y. :</subfield>
		<subfield code="c">New York University,</subfield>
		<subfield code="d">2017.</subfield>
		<subfield code="5">NNU</subfield>
	</datafield>
	<datafield ind1=" " ind2="0" tag="650">
		<subfield code="6">880-05</subfield>
		<subfield code="a">Arabic language</subfield>
		<subfield code="x">Grammar.</subfield>
	</datafield>
	<datafield ind1=" " ind2="0" tag="650">
		<subfield code="6">880-06</subfield>
		<subfield code="a">Arabic language</subfield>
		<subfield code="x">Syntax.</subfield>
	</datafield>
	<datafield ind1="2" ind2=" " tag="710">
		<subfield code="a">Jafet Memorial Library.</subfield>
	</datafield>
	<datafield ind1="0" ind2=" " tag="730">
		<subfield code="a">Arabic Collections Online.</subfield>
	</datafield>
	<datafield ind1="0" ind2=" " tag="775">
		<subfield code="6">880-07</subfield>
		<subfield code="t">al-Khawāṭir al-‘irāb fī al-naḥw wa-al-i‘rāb.</subfield>
		<subfield code="b">Ṭab‘ah thānīyah</subfield>
		<subfield code="d">Bayrūt : al-Maṭba‘ah al-Adabīyah, 1909</subfield>
		<subfield code="w">b1827674x</subfield>
	</datafield>
	<datafield ind1="0" ind2=" " tag="775">
		<subfield code="6">880-08</subfield>
		<subfield code="t">al-Khawāṭir al-‘irāb fī al-naḥw wa-al-i‘rāb.</subfield>
		<subfield code="b">al-Ṭab‘ah thālithah</subfield>
		<subfield code="d">Bayrūt : al-Maṭba‘ah al-Adabīyah, 1928</subfield>
		<subfield code="w">(OCoLC)784511147</subfield>
		<subfield code="w">(OCoLC)784511147</subfield>
	</datafield>
	<datafield ind1="0" ind2="8" tag="776">
		<subfield code="i">Print version:</subfield>
		<subfield code="a">Ḍūmiṭ, Jabr, author.</subfield>
		<subfield code="t">al-Khawāṭir al-‘irāb fī al-naḥw wa-al-i‘rāb</subfield>
		<subfield code="w">(LeBAU)b12778734</subfield>
	</datafield>
	<datafield ind1="4" ind2="0" tag="856">
		<subfield code="u">http://hdl.handle.net/2333.1/9cnp5p11</subfield>
	</datafield>
	<datafield ind1="1" ind2=" " tag="880">
		<subfield code="6">100-01/r</subfield>
		<subfield code="a">ضومط، جبر،</subfield>
		<subfield code="e">author.</subfield>
	</datafield>
	<datafield ind1="1" ind2="2" tag="880">
		<subfield code="6">245-02/r</subfield>
		<subfield code="a">الخواطر العراب في النحو و الإعراب /</subfield>
		<subfield code="c">تأليف جبر ضومط م. ع.، أستاذ اللغة العربية في المدرسة الكلية السورية الإنجيلية في بيروت.</subfield>
	</datafield>
	<datafield ind1=" " ind2="1" tag="880">
		<subfield code="6">264-03/r</subfield>
		<subfield code="a">بيروت :</subfield>
		<subfield code="b">المطبعة الأدبية،</subfield>
		<subfield code="c">1903.</subfield>
	</datafield>
	<datafield ind1=" " ind2=" " tag="880">
		<subfield code="6">300-04/r</subfield>
		<subfield code="a">334 صفحة ؛</subfield>
		<subfield code="c">23 سم</subfield>
	</datafield>
	<datafield ind1=" " ind2=" " tag="880">
		<subfield code="6">500-00/r</subfield>
		<subfield code="a">&quot;تقدمة إعتبار لواحد العصر ورجل الهمة والفضل العلامة أستاذي الجليل الدكتور جورج بوست م. عد ط د. ج. س د. ش&quot;</subfield>
	</datafield>
	<datafield ind1=" " ind2="4" tag="880">
		<subfield code="6">650-05/r</subfield>
		<subfield code="a">اللغة العربية</subfield>
		<subfield code="x">قواعد.</subfield>
	</datafield>
	<datafield ind1=" " ind2="4" tag="880">
		<subfield code="6">650-06/r</subfield>
		<subfield code="a">اللغة العربية</subfield>
		<subfield code="x">الإعراب.</subfield>
	</datafield>
	<datafield ind1="0" ind2=" " tag="880">
		<subfield code="6">775-07/r</subfield>
		<subfield code="t">الخواطر العراب في النحو والإعراب.</subfield>
		<subfield code="b">طبعة ثانية</subfield>
		<subfield code="d">بيروت : المطبعة الأدبية، 1909</subfield>
		<subfield code="w">b1827674x</subfield>
	</datafield>
	<datafield ind1="0" ind2=" " tag="880">
		<subfield code="6">775-08/r</subfield>
		<subfield code="t">الخواطر العراب في النحو والإعراب.</subfield>
		<subfield code="b">الطبعة الثالثة</subfield>
		<subfield code="d">بيروت : المطبعة الأدبية، 1928</subfield>
		<subfield code="w">b12778758</subfield>
		<subfield code="w">(OCoLC)784511147</subfield>
	</datafield>
	<datafield ind1=" " ind2=" " tag="959">
		<subfield code="a">NNU</subfield>
		<subfield code="b">WEB</subfield>
		<subfield code="c">GENI</subfield>
		<subfield code="t">0</subfield>
		<subfield code="m">Electronic access</subfield>
		<subfield code="s">01</subfield>
	</datafield>
	<datafield ind1=" " ind2=" " tag="999">
		<subfield code="i">LeBAU_b12778734</subfield>
		<subfield code="s">aub_aco000393</subfield>
		<subfield code="e">(ERROR-MISC)</subfield>
		<subfield code="s">aub_aco000393</subfield>
	</datafield>
</record>
